<?xml version="1.0" encoding="UTF-8"?>
<record xmlns="http://www.loc.gov/MARC21/slim" xmlns:xsi="http://www.w3.org/2001/XMLSchema-instance" xsi:schemaLocation="http://www.loc.gov/MARC21/slim http://www.loc.gov/standards/marcxml/schema/MARC21slim.xsd">
<leader>00000cam a22      a 4500</leader>
<controlfield tag="001">001681982</controlfield>
<controlfield tag="003">NNU</controlfield>
<controlfield tag="005">20150319170007.0</controlfield>
<controlfield tag="008">910204s1960    iq a          001 0baraod</controlfield>
<datafield tag="010" ind1=" " ind2=" ">
<subfield code="a">ne 65000591</subfield>
</datafield>
<datafield tag="035" ind1=" " ind2=" ">
<subfield code="a">(OCoLC)23054968</subfield>
</datafield>
<datafield tag="040" ind1=" " ind2=" ">
<subfield code="a">CLE</subfield>
<subfield code="b">eng</subfield>
<subfield code="c">CLE</subfield>
<subfield code="d">OCLCQ</subfield>
<subfield code="d">OCLCF</subfield>
<subfield code="d">OCLCO</subfield>
<subfield code="d">OCLCQ</subfield>
<subfield code="d">NNU</subfield>
</datafield>
<datafield tag="041" ind1="1" ind2=" ">
<subfield code="a">araper</subfield>
<subfield code="h">per</subfield>
</datafield>
<datafield tag="050" ind1=" " ind2="4">
<subfield code="a">PK6524</subfield>
<subfield code="b">.S35 1960</subfield>
</datafield>
<datafield tag="100" ind1="1" ind2=" ">
<subfield code="6">880-01</subfield>
<subfield code="a">Ṣarrāf, Aḥmad Ḥāmid.</subfield>
</datafield>
<datafield tag="245" ind1="1" ind2="0">
<subfield code="6">880-02</subfield>
<subfield code="a">ʻUmar al-Khayyām :</subfield>
<subfield code="b">al-ḥakīm al-riyāḍī al-falakī al-Nīsābūrī ; ḥayātuhu wa-sīratuh, ʻaṣruhu al-siyāsī, ʻaṣruhu al-ʻilmī, ʻulamāʼ ʻaṣrih, adabuhu wa-falsafatuh, maṣādir falsafatih, nuẓarāʼuh, rubāʻīyātuhu wa-rasāʼiluh /</subfield>
<subfield code="c">taʼlīf wa tarjamat Aḥmad Ḥāmid al-Ṣarrāf.</subfield>
</datafield>
<datafield tag="250" ind1=" " ind2=" ">
<subfield code="6">880-03</subfield>
<subfield code="a">al-Ṭabʻah 2.</subfield>
</datafield>
<datafield tag="260" ind1=" " ind2=" ">
<subfield code="6">880-04</subfield>
<subfield code="a">Baghdād :</subfield>
<subfield code="b">Maṭbaʻat al-Maʻārif,</subfield>
<subfield code="c">1960.</subfield>
</datafield>
<datafield tag="300" ind1=" " ind2=" ">
<subfield code="a">384 pages :</subfield>
<subfield code="b">illustrations ;</subfield>
<subfield code="c">24 cm</subfield>
</datafield>
<datafield tag="336" ind1=" " ind2=" ">
<subfield code="a">text</subfield>
<subfield code="b">txt</subfield>
<subfield code="2">rdacontent</subfield>
</datafield>
<datafield tag="337" ind1=" " ind2=" ">
<subfield code="a">unmediated</subfield>
<subfield code="b">n</subfield>
<subfield code="2">rdamedia</subfield>
</datafield>
<datafield tag="338" ind1=" " ind2=" ">
<subfield code="a">volume</subfield>
<subfield code="b">nc</subfield>
<subfield code="2">rdacarrier</subfield>
</datafield>
<datafield tag="500" ind1=" " ind2=" ">
<subfield code="a">Contains the Persian text of ther Rubāʻīyāt, with the Arabic translation.</subfield>
</datafield>
<datafield tag="500" ind1=" " ind2=" ">
<subfield code="a">Includes indexes.</subfield>
</datafield>
<datafield tag="530" ind1=" " ind2=" ">
<subfield code="a">Also issued online.</subfield>
</datafield>
<datafield tag="600" ind1="0" ind2="0">
<subfield code="a">Omar Khayyam</subfield>
<subfield code="6">880-05</subfield>
</datafield>
<datafield tag="600" ind1="0" ind2="7">
<subfield code="a">Omar Khayyam.</subfield>
<subfield code="2">fast</subfield>
<subfield code="0">(OCoLC)fst00042562</subfield>
</datafield>
<datafield tag="700" ind1="0" ind2="2">
<subfield code="a">Omar Khayyam</subfield>
<subfield code="t">Rubāʻīyāt.</subfield>
<subfield code="l">Arabic.</subfield>
</datafield>
<datafield tag="776" ind1="0" ind2="8">
<subfield code="i">Online version:</subfield>
<subfield code="a">Ṣarrāf, Aḥmad Ḥamīd.</subfield>
<subfield code="t">ʻUmar al-Khayyām.</subfield>
<subfield code="b">al-Ṭabʻah 2.</subfield>
<subfield code="d">Baghdād : Maṭbaʻat al-Maʻārif, 1960</subfield>
<subfield code="w">(OCoLC)584019701</subfield>
</datafield>
<datafield tag="880" ind1="1" ind2=" ">
<subfield code="6">100-01/</subfield>
<subfield code="a">صراف، احمد حميد.</subfield>
</datafield>
<datafield tag="880" ind1="1" ind2="0">
<subfield code="6">245-02/</subfield>
<subfield code="a">عمر الخيام :</subfield>
<subfield code="b">الحكيم الرياضي الفلكي النيسابوري ؛ حياته وسيرته، عصره السياسي، عصره العلمي، علماء عصره، ادبه وفلسفته، مصادر فلسفته، نظراؤه، رباعياته ورسائله /</subfield>
<subfield code="c">تأليف و ترجمة احمد حامد الصراف.</subfield>
</datafield>
<datafield tag="880" ind1=" " ind2=" ">
<subfield code="6">250-03/</subfield>
<subfield code="a">الطبعة 2.</subfield>
</datafield>
<datafield tag="880" ind1=" " ind2=" ">
<subfield code="6">260-04/</subfield>
<subfield code="a">بغداد :</subfield>
<subfield code="b">مطبعة المعارف،</subfield>
<subfield code="c">1960.</subfield>
</datafield>
<datafield tag="880" ind1="0" ind2="4">
<subfield code="6">600-05/</subfield>
<subfield code="a">عمر خيام.</subfield>
</datafield>
<datafield tag="OWN" ind1=" " ind2=" ">
<subfield code="a">GENERAL</subfield>
</datafield>
<datafield tag="AVA" ind1=" " ind2=" ">
<subfield code="a">NYU50</subfield>
<subfield code="b">BOBST</subfield>
<subfield code="c">Main Collection</subfield>
<subfield code="d">PK6524 .S35 1960</subfield>
<subfield code="e">unavailable</subfield>
<subfield code="t">Unavailable</subfield>
<subfield code="f">1</subfield>
<subfield code="g">1</subfield>
<subfield code="h">N</subfield>
<subfield code="i">0</subfield>
<subfield code="j">MAIN</subfield>
<subfield code="k">0</subfield>
</datafield>
</record>
